%% This BibTeX bibliography file was created using BibDesk.
%% https://bibdesk.sourceforge.io/

%% Created for Benjamin Bloem-Reddy at 2019-08-21 11:27:41 -0700 


%% Saved with string encoding Unicode (UTF-8)

@InProceedings{Lacotte:2020,
  author    = {Lacotte, Jonathan and Liu, Sifan and Dobriban, Edgar and Pilanci, Mert},
  booktitle = {Advances in Neural Information Processing Systems},
  title     = {{Optimal iterative sketching methods with the subsampled randomized Hadamard transform}},
  year      = {2020},
  editor    = {H. Larochelle and M. Ranzato and R. Hadsell and M. F. Balcan and H. Lin},
  pages     = {9725--9735},
  publisher = {Curran Associates, Inc.},
  volume    = {33},
  url       = {https://proceedings.neurips.cc/paper/2020/file/6e69ebbfad976d4637bb4b39de261bf7-Paper.pdf},
}

@Article{Xia:2019,
  author  = {Xia, Xiang-Gen},
  journal = {arXiv preprint arXiv:1902.10763},
  title   = {A simple introduction to free probability theory and its application to random matrices},
  year    = {2019},
}

@InBook{Couillet:2011,
  author    = {Couillet, Romain and Debbah, Mérouane},
  pages     = {35–70},
  publisher = {Cambridge University Press},
  title     = {The Stieltjes transform method},
  year      = {2011},
  booktitle = {Random Matrix Methods for Wireless Communications},
  doi       = {10.1017/CBO9780511994746.005},
  place     = {Cambridge},
}

@Article{Rokhlin:2008,
  author    = {Rokhlin, Vladimir and Tygert, Mark},
  journal   = {Proceedings of the National Academy of Sciences},
  title     = {A fast randomized algorithm for overdetermined linear least-squares regression},
  year      = {2008},
  number    = {36},
  pages     = {13212--13217},
  volume    = {105},
  publisher = {National Acad Sciences},
}

@Article{Pilanci:2016,
  author    = {Pilanci, Mert and Wainwright, Martin J},
  journal   = {The Journal of Machine Learning Research},
  title     = {{Iterative Hessian sketch: Fast and accurate solution approximation for constrained least-squares}},
  year      = {2016},
  number    = {1},
  pages     = {1842--1879},
  volume    = {17},
  publisher = {JMLR. org},
}

@InProceedings{Dobriban:2019,
  author    = {Dobriban, Edgar and Liu, Sifan},
  booktitle = {Proceedings of the 33rd International Conference on Neural Information Processing Systems},
  title     = {Asymptotics for Sketching in Least Squares},
  year      = {2019},
  address   = {Red Hook, NY, USA},
  publisher = {Curran Associates Inc.},
  articleno = {330},
  numpages  = {11},
}

@Article{Raskutti:2016,
  author  = {Garvesh Raskutti and Michael W. Mahoney},
  journal = {Journal of Machine Learning Research},
  title   = {A Statistical Perspective on Randomized Sketching for Ordinary Least-Squares},
  year    = {2016},
  number  = {213},
  pages   = {1-31},
  volume  = {17},
  url     = {http://jmlr.org/papers/v17/15-440.html},
}

@Article{Drineas:2011,
  author    = {Drineas, Petros and Mahoney, Michael W and Muthukrishnan, Shan and Sarl{\'o}s, Tam{\'a}s},
  journal   = {Numerische mathematik},
  title     = {Faster least squares approximation},
  year      = {2011},
  number    = {2},
  pages     = {219--249},
  volume    = {117},
  publisher = {Springer},
}

@InProceedings{Choromanski:2017,
  author    = {Choromanski, Krzysztof and Rowland, Mark and Weller, Adrian},
  booktitle = {Proceedings of the 31st International Conference on Neural Information Processing Systems},
  title     = {The Unreasonable Effectiveness of Structured Random Orthogonal Embeddings},
  year      = {2017},
  address   = {Red Hook, NY, USA},
  pages     = {218–227},
  publisher = {Curran Associates Inc.},
  series    = {NIPS'17},
  isbn      = {9781510860964},
  location  = {Long Beach, California, USA},
  numpages  = {10},
}

@InProceedings{Lacotte:2020b,
  author       = {Lacotte, Jonathan and Pilanci, Mert},
  booktitle    = {International Conference on Machine Learning},
  title        = {Optimal randomized first-order methods for least-squares problems},
  year         = {2020},
  organization = {PMLR},
  pages        = {5587--5597},
}

@InProceedings{Ozaslan:2019,
  author    = {Ozaslan, Ibrahim Kurban and Pilanci, Mert and Arikan, Orhan},
  booktitle = {ICASSP 2019 - 2019 IEEE International Conference on Acoustics, Speech and Signal Processing (ICASSP)},
  title     = {{Iterative Hessian sketch with momentum}},
  year      = {2019},
  pages     = {7470-7474},
  doi       = {10.1109/ICASSP.2019.8682720},
}

@Article{Derezinski:2020,
  author  = {Derezi{\'n}ski, Micha{\l} and Bartan, Burak and Pilanci, Mert and Mahoney, Michael W},
  journal = {arXiv preprint arXiv:2007.01327},
  title   = {Debiasing distributed second order optimization with surrogate sketching and scaled regularization},
  year    = {2020},
}

@Article{Derezinski:2021,
  author  = {Derezi{\'n}ski, Micha{\l} and Lacotte, Jonathan and Pilanci, Mert and Mahoney, Michael W},
  journal = {Advances in Neural Information Processing Systems},
  title   = {{Newton-LESS: Sparsification without trade-offs for the sketched Newton update}},
  year    = {2021},
  volume  = {34},
}

@InProceedings{Lacotte:2021,
  author    = {Jonathan Lacotte and Yifei Wang and Mert Pilanci},
  booktitle = {Proceedings of the 38th International Conference on Machine Learning, {ICML} 2021, 18-24 July 2021, Virtual Event},
  title     = {{Adaptive Newton sketch: Linear-time optimization with quadratic convergence and effective Hessian dimensionality}},
  year      = {2021},
  editor    = {Marina Meila and Tong Zhang},
  pages     = {5926--5936},
  publisher = {{PMLR}},
  series    = {Proceedings of Machine Learning Research},
  volume    = {139},
  bibsource = {dblp computer science bibliography, https://dblp.org},
  biburl    = {https://dblp.org/rec/conf/icml/LacotteWP21.bib},
  timestamp = {Wed, 25 Aug 2021 17:11:17 +0200},
  url       = {http://proceedings.mlr.press/v139/lacotte21a.html},
}

@Comment{jabref-meta: databaseType:bibtex;}
